@Article{haugeland1980,
    author = {Haugeland, John},
    journal = {The Behavioral and Brain Sciences},
    title = {Programs, causal powers and intentionality},
    year = {1980},
    month = {September},
    pages = {432-433},
    volume = {3}
}

@Book{fodor1980,
    author = {Fodor, Jerry A.},
    publisher = {Harvard University Press},
    title = {The Language of Thought},
    year = {1980},
    isbn = {9780674510302},
}
